<record><leader>00000cas a2200000 a 4500</leader><controlfield tag="001">12401695</controlfield><controlfield tag="008">850820d18901899ksuwr ne      0    0eng d</controlfield><datafield ind1=" " ind2=" " tag="010"><subfield code="a">sn 85029549 </subfield></datafield><datafield ind1=" " ind2=" " tag="040"><subfield code="a">KSH</subfield><subfield code="b">eng</subfield><subfield code="c">KSH</subfield><subfield code="d">NPT</subfield><subfield code="d">OCL</subfield><subfield code="d">OCLCQ</subfield></datafield><datafield ind1=" " ind2=" " tag="042"><subfield code="a">msc</subfield></datafield><datafield ind1="0" ind2="0" tag="245"><subfield code="a">Republic County freeman.</subfield></datafield><datafield ind1=" " ind2=" " tag="260"><subfield code="a">Belleville, Kan. :</subfield><subfield code="b">H.N. Boyd,</subfield><subfield code="c">1890-1899.</subfield></datafield><datafield ind1=" " ind2=" " tag="300"><subfield code="a">9 v. :</subfield><subfield code="b">ill. ;</subfield><subfield code="c">54 cm.</subfield></datafield><datafield ind1=" " ind2=" " tag="310"><subfield code="a">Weekly</subfield></datafield><datafield ind1="0" ind2=" " tag="362"><subfield code="a">Vol. 1, no. 1 (Oct. 9, 1890)-v. 1, no. 11 (Dec. 18, 1890) ; v. 12, no. 26 (Dec. 25, 1890)-v. 21, no. 26 (Jan. 5, 1899).</subfield></datafield><datafield ind1=" " ind2=" " tag="500"><subfield code="a">People's party.</subfield></datafield><datafield ind1=" " ind2=" " tag="515"><subfield code="a">Numbering is irregular.</subfield></datafield><datafield ind1=" " ind2=" " tag="550"><subfield code="a">"Official alliance paper of Republic County," Nov. 6, 1890-Jan. 5, 1899.</subfield></datafield><datafield ind1=" " ind2=" " tag="752"><subfield code="a">United States</subfield><subfield code="b">Kansas</subfield><subfield code="c">Republic</subfield><subfield code="d">Belleville.</subfield></datafield><datafield ind1="0" ind2="0" tag="780"><subfield code="t">Phillips County freeman</subfield><subfield code="w">(DLC)sn 85029502</subfield></datafield><datafield ind1="0" ind2="5" tag="780"><subfield code="t">Belleville democrat (Belleville, Kan. : 1891)</subfield><subfield code="g">Apr. 12, 1895</subfield><subfield code="w">(DLC)sn 85029643</subfield></datafield><datafield ind1="0" ind2="0" tag="785"><subfield code="t">Belleville freeman</subfield><subfield code="w">(DLC)sn 85029644</subfield></datafield><datafield ind1="1" ind2=" " tag="029"><subfield code="a">AU@</subfield><subfield code="b">000022171773</subfield></datafield></record>